%YAML 1.1
%TAG !u! tag:unity3d.com,2011:
--- !u!1 &135930
GameObject:
  m_ObjectHideFlags: 0
  m_PrefabParentObject: {fileID: 0}
  m_PrefabInternal: {fileID: 100100000}
  serializedVersion: 4
  m_Component:
  - 4: {fileID: 443582}
  - 114: {fileID: 11403712}
  - 114: {fileID: 11444804}
  m_Layer: 0
  m_Name: Game Controller
  m_TagString: Untagged
  m_Icon: {fileID: 0}
  m_NavMeshLayer: 0
  m_StaticEditorFlags: 0
  m_IsActive: 1
--- !u!4 &443582
Transform:
  m_ObjectHideFlags: 1
  m_PrefabParentObject: {fileID: 0}
  m_PrefabInternal: {fileID: 100100000}
  m_GameObject: {fileID: 135930}
  m_LocalRotation: {x: 0, y: 0, z: 0, w: 1}
  m_LocalPosition: {x: 0, y: 0, z: 0}
  m_LocalScale: {x: 1, y: 1, z: 1}
  m_Children: []
  m_Father: {fileID: 0}
  m_RootOrder: 0
--- !u!114 &11403712
MonoBehaviour:
  m_ObjectHideFlags: 1
  m_PrefabParentObject: {fileID: 0}
  m_PrefabInternal: {fileID: 100100000}
  m_GameObject: {fileID: 135930}
  m_Enabled: 1
  m_EditorHideFlags: 0
  m_Script: {fileID: 11500000, guid: 6deb490cfe3efef4fa21fc0016fcaff9, type: 3}
  m_Name: 
  m_EditorClassIdentifier: 
--- !u!114 &11444804
MonoBehaviour:
  m_ObjectHideFlags: 1
  m_PrefabParentObject: {fileID: 0}
  m_PrefabInternal: {fileID: 100100000}
  m_GameObject: {fileID: 135930}
  m_Enabled: 1
  m_EditorHideFlags: 0
  m_Script: {fileID: 11500000, guid: 30e644dbef318b9468710efe2fbdd2f5, type: 3}
  m_Name: 
  m_EditorClassIdentifier: 
  columns: 10
  rows: 10
  floors:
  - {fileID: 118650, guid: bd3a80aaf7fc8e648a9c5f2542e5038d, type: 2}
  - {fileID: 192824, guid: 6cb1c5ffa3d26354899dc880cf78fb97, type: 2}
  - {fileID: 137664, guid: f4a2d9484595dca4881b1060ffd6a1e0, type: 2}
  - {fileID: 137894, guid: 6ffd442a3d7084a41affb8f883095924, type: 2}
  - {fileID: 156334, guid: 7a8485b20a464444bb87ce73e630b5f9, type: 2}
  - {fileID: 114042, guid: 896077e13c132144b8a176da60941061, type: 2}
  - {fileID: 193434, guid: bbede2af795a4b04fb70f0da1062c8ac, type: 2}
  - {fileID: 110364, guid: 2ecddbdf4622d99459ce56e817a6b923, type: 2}
  outerWalls:
  - {fileID: 158442, guid: 20206535bfb42dc4a9db5bf4fcecc5cb, type: 2}
  - {fileID: 178352, guid: 44e1ef027352d3f4f8825ff0f261d449, type: 2}
  - {fileID: 115242, guid: 30f0707bae235544a9554ea123e7092a, type: 2}
  wallObstacles:
  - {fileID: 167762, guid: 7a2e381685affa24f9618ea921195b80, type: 2}
  - {fileID: 174848, guid: 05f3fc3721d29a24bbf00a3eed049ed2, type: 2}
  - {fileID: 182382, guid: 65fba1fa26be7c044ba007eadeabce97, type: 2}
  - {fileID: 163072, guid: bdcbd103382d3cf499239a0c68c425fb, type: 2}
  - {fileID: 106374, guid: 59356ca2ec63ca74db913dd92457c950, type: 2}
  - {fileID: 146508, guid: d906f3e39b8281e4fb64105f7c722bb1, type: 2}
  - {fileID: 189264, guid: 1d0416801c611e5459faab7ae6ff110d, type: 2}
  - {fileID: 148560, guid: 1c8df38ae6da40e43896223efd729c30, type: 2}
  foodItems:
  - {fileID: 129762, guid: 46f8021463f2b134b992c1e4d31166ba, type: 2}
  - {fileID: 164774, guid: 6b83808770fee6447b45da409485408c, type: 2}
  enemies:
  - {fileID: 153940, guid: 025074147966896488ec73500c11cc21, type: 2}
  - {fileID: 123124, guid: 9d606db2f94e14b448918d0276fa83bc, type: 2}
  exit: {fileID: 140240, guid: ed1d0b41ecdd8f049963b75c49d20740, type: 2}
--- !u!1001 &100100000
Prefab:
  m_ObjectHideFlags: 1
  serializedVersion: 2
  m_Modification:
    m_TransformParent: {fileID: 0}
    m_Modifications: []
    m_RemovedComponents: []
  m_ParentPrefab: {fileID: 0}
  m_RootGameObject: {fileID: 135930}
  m_IsPrefabParent: 1
